%% Arquivo contendo todas referências bibliográficas
%% This BibTeX bibliography file was created using BibDesk.
%% http://bibdesk.sourceforge.net/

@article{chowdhury2003natural,
    title={Natural language processing},
    author={Chowdhury, Gobinda G},
    journal={Annual review of information science and technology},
    volume={37},
    number={1},
    pages={51--89},
    year={2003},
    publisher={Wiley Online Library}
}

@article{young2018recent,
    title={Recent trends in deep learning based natural language processing},
    author={Young, Tom and Hazarika, Devamanyu and Poria, Soujanya and Cambria, Erik},
    journal={ieee Computational intelligenCe magazine},
    volume={13},
    number={3},
    pages={55--75},
    year={2018},
    publisher={IEEE}
}

@inproceedings{kumar2016ask,
    title={Ask me anything: Dynamic memory networks for natural language processing},
    author={Kumar, Ankit and Irsoy, Ozan and Ondruska, Peter and Iyyer, Mohit and Bradbury, James and Gulrajani, Ishaan and Zhong, Victor and Paulus, Romain and Socher, Richard},
    booktitle={International Conference on Machine Learning},
    pages={1378--1387},
    year={2016}
}

@inproceedings{manning2014stanford,
    title={The Stanford CoreNLP natural language processing toolkit},
    author={Manning, Christopher and Surdeanu, Mihai and Bauer, John and Finkel, Jenny and Bethard, Steven and McClosky, David},
    booktitle={Proceedings of 52nd annual meeting of the association for computational linguistics: system demonstrations},
    pages={55--60},
    year={2014}
}

@inproceedings{burget2003nonrandomattr,
    author={Burget, Lukas and Cernocký, Jan},
    year={2003},
    month={09},
    pages={257-262},
    title={Recognition of Speech with Non-random Attributes},
    volume={2807},
    doi={10.1007/978-3-540-39398-6\_36}
}

@article{gales2008application,
  title={The application of hidden Markov models in speech recognition},
  author={Gales, Mark and Young, Steve and others},
  journal={Foundations and Trends{\textregistered} in Signal Processing},
  volume={1},
  number={3},
  pages={195--304},
  year={2008},
  publisher={Now Publishers, Inc.}
}

@inproceedings{graves2013speech,
  title={Speech recognition with deep recurrent neural networks},
  author={Graves, Alex and Mohamed, Abdel-rahman and Hinton, Geoffrey},
  booktitle={2013 IEEE international conference on acoustics, speech and signal processing},
  pages={6645--6649},
  year={2013},
  organization={IEEE}
}

@TechReport{LeRouxVincent2014TRdatasets,
author = {Le Roux, Jonathan and Vincent, Emmanuel},
title = {A categorization of robust speech processing datasets},
institution = {Mitsubishi Electric Research Labs},
year = {2014},
number = {TR2014-116},
address = {Cambridge, MA, USA},
month = aug,
note = {v2014-09}
}

@article{Lamel1992timmit,
author = {Lamel, Lori and Fiscus, Jonathan G and Fisher, William M and Fiscus, Jonathan G and Pallett, David S},
number = {August},
title = {{TMIT Acoustic-Phonetic Continuous Speech Corpus}},
year = {1992}
}

@article{Ravanelli2016dirha,
archivePrefix = {arXiv},
arxivId = {arXiv:1710.02560v1},
author = {Ravanelli, Mirco and Cristoforetti, Luca and Gretter, Roberto and Pellin, Marco and Sosi, Alessandro and Omologo, Maurizio},
doi = {10.1109/ASRU.2015.7404805},
eprint = {arXiv:1710.02560v1},
isbn = {9781479972913},
journal = {2015 IEEE Workshop on Automatic Speech Recognition and Understanding, ASRU 2015 - Proceedings},
keywords = {DNN,Kaldi,corpora,distant speech recognition,microphone arrays},
number = {October},
pages = {275--282},
title = {{The DIRHA-ENGLISH corpus and related tasks for distant-speech recognition in domestic environments}},
year = {2016}
}

@INPROCEEDINGS{godfrey1992switchboard, 
author={J. J. {Godfrey} and E. C. {Holliman} and J. {McDaniel}}, 
booktitle={[Proceedings] ICASSP-92: 1992 IEEE International Conference on Acoustics, Speech, and Signal Processing}, 
title={SWITCHBOARD: telephone speech corpus for research and development}, 
year={1992}, 
volume={1}, 
number={}, 
pages={517-520 vol.1}, 
keywords={speech analysis and processing;speech recognition;R&D;telephone speech corpus;research and development;SWITCHBOARD;multispeaker corpus;conversational speech;text;speaker authentication;large vocabulary speech recognition;US;T1 lines;Texas Instruments;training;testing;speech processing algorithms;speaker verification;time-aligned word;word transcription;1 hr;Telephony;Research and development;Instruments;Speech recognition;Testing;Speech processing;Databases;Authentication;Protocols;Vocabulary}, 
doi={10.1109/ICASSP.1992.225858}, 
ISSN={1520-6149}, 
month={March},}

@article{barker2013pascal,
  title={The PASCAL CHiME speech separation and recognition challenge},
  author={Barker, Jon and Vincent, Emmanuel and Ma, Ning and Christensen, Heidi and Green, Phil},
  journal={Computer Speech \& Language},
  volume={27},
  number={3},
  pages={621--633},
  year={2013},
  publisher={Elsevier}
}

@inproceedings{christensen2010chime,
  title={The CHiME corpus: a resource and a challenge for computational hearing in multisource environments},
  author={Christensen, Heidi and Barker, Jon and Ma, Ning and Green, Phil D},
  booktitle={Eleventh Annual Conference of the International Speech Communication Association},
  year={2010}
}

@article{barker2018fifth,
  title={The fifth'CHiME'Speech Separation and Recognition Challenge: Dataset, task and baselines},
  author={Barker, Jon and Watanabe, Shinji and Vincent, Emmanuel and Trmal, Jan},
  journal={arXiv preprint arXiv:1803.10609},
  year={2018}
}

@inproceedings{chanchaochai2018globaltimit,
  title={GlobalTIMIT: Acoustic-Phonetic Datasets for the World's Languages.},
  author={Chanchaochai, Nattanun and Cieri, Christopher and Debrah, Japhet and Ding, Hongwei and Jiang, Yue and Liao, Sishi and Liberman, Mark and Wright, Jonathan and Yuan, Jiahong and Zhan, Juhong and others},
  booktitle={Interspeech},
  pages={192--196},
  year={2018}
}

@article{schuppler2017corpus,
  title={A corpus of read and conversational Austrian German},
  author={Schuppler, Barbara and Hagm{\"u}ller, Martin and Zahrer, Alexander},
  journal={Speech Communication},
  volume={94},
  pages={62--74},
  year={2017},
  publisher={Elsevier}
}

@article{stylistics2004speech,
  title={Speech, writing and thought presentation in a corpus of English writing},
  author={Stylistics, Corpus},
  journal={Semino, E., Short, M.-London: Routledge},
  year={2004}
}

@inproceedings{yin2017standardization,
  title={A standardization program of speech corpus collection},
  author={Yin, Zhigang and Li, Aijun},
  booktitle={2017 20th Conference of the Oriental Chapter of the International Coordinating Committee on Speech Databases and Speech I/O Systems and Assessment (O-COCOSDA)},
  pages={1--5},
  year={2017},
  organization={IEEE}
}

@inproceedings{thompson1993hcrc,
  title={The HCRC map task corpus: natural dialogue for speech recognition},
  author={Thompson, Henry S and Anderson, Anne and Bard, Ellen Gurman and Doherty-Sneddon, Gwyneth and Newlands, Alison and Sotillo, Cathy},
  booktitle={Proceedings of the workshop on Human Language Technology},
  pages={25--30},
  year={1993},
  organization={Association for Computational Linguistics}
}

@article{ruhlemann2012introducing,
  title={Introducing a corpus of conversational stories. Construction and annotation of the Narrative Corpus},
  author={R{\"u}hlemann, Christoph and O'Donnell, Matthew Brook},
  year={2012},
  publisher={De Gruyter Mouton}
}

@article{queiroz2019blockchain,
  title={Blockchain and supply chain management integration: A systematic review of the literature},
  author={Queiroz, Maciel M and Telles, Renato and Bonilla, Silvia H},
  journal={Supply Chain Management: An International Journal},
  year={2019},
  publisher={Emerald Publishing Limited}
}

@article{almeman2018building,
  title={The Building and Evaluation of a Mobile Parallel Multi-Dialect Speech Corpus for Arabic},
  author={Almeman, Khalid},
  journal={Procedia computer science},
  volume={142},
  pages={166--173},
  year={2018},
  publisher={Elsevier}
}

@article{dwivedi2017documenting,
  title={On documenting low resourced Indian languages insights from Kanauji speech corpus},
  author={Dwivedi, Pankaj and Kar, Somdev},
  journal={Dialectologia: revista electr{\`o}nica},
  number={19},
  pages={67--91},
  year={2017}
}

@article{bougrine2017altruistic,
  title={Altruistic crowdsourcing for arabic speech corpus annotation},
  author={Bougrine, Soumia and Cherroun, Hadda and Abdelali, Ahmed},
  journal={Procedia Computer Science},
  volume={117},
  pages={137--144},
  year={2017},
  publisher={Elsevier}
}

@inproceedings{ng2017shefce,
  title={SHEFCE: A Cantonese-English bilingual speech corpus for pronunciation assessment},
  author={Ng, Raymond WM and Kwan, Alvin CM and Lee, Tan and Hain, Thomas},
  booktitle={2017 IEEE International Conference on Acoustics, Speech and Signal Processing (ICASSP)},
  pages={5825--5829},
  year={2017},
  organization={IEEE}
}


@INPROCEEDINGS{moore2017sheffield, 
author={S. {Mokaram} and R. K. {Moore}}, 
booktitle={2017 IEEE International Conference on Acoustics, Speech and Signal Processing (ICASSP)}, 
title={The Sheffield Search and Rescue corpus}, 
year={2017}, 
volume={}, 
number={}, 
pages={5840-5844}, 
keywords={computer games;natural language processing;speech recognition;SSAR corpus;automatic speech recognition;human-human conversation;quantitative analysis;simulated indoor environment;British English language;unscripted-goal-oriented-two-party spoken conversations;search and rescue speech communications;mission-critical information extraction;Sheffield search and rescue corpus;Speech;Speech recognition;Context;Complexity theory;Data mining;Estimation;conversational speech corpus;goal-oriented conversation;spoken language understanding;automatic speech recognition}, 
doi={10.1109/ICASSP.2017.7953276}, 
ISSN={2379-190X}, 
month={March},}

@article{ramli2017first,
  title={The first Malay language storytelling text-to-speech (TTS) corpus for humanoid robot storytellers},
  author={Ramli, I and Jamil, N and Seman, N and Ardi, N},
  journal={Journal of Fundamental and Applied Sciences},
  volume={9},
  number={4S},
  pages={340--354},
  year={2017},
  publisher={University of El Oued}
}

@inproceedings{mansikkaniemi2017automatic,
  title={Automatic Construction of the Finnish Parliament Speech Corpus.},
  author={Mansikkaniemi, Andr{\'e} and Smit, Peter and Kurimo, Mikko and others},
  booktitle={INTERSPEECH},
  pages={3762--3766},
  year={2017}
}

@inproceedings{goldman2016siwis,
  title={The SIWIS database: a multilingual speech database with acted emphasis},
  author={Goldman, Jean-Philippe and Honnet, Pierre-Edouard and Clark, Rob and Garner, Philip N and Ivanova, Maria and Lazaridis, Alexandros and Liang, Hui and Macedo, Tiago and Pfister, Beat and Ribeiro, Manuel Sam and others},
  booktitle={Proceedings of Interspeech},
  number={CONF},
  year={2016}
}

@inproceedings{liu2016sheffield,
  title={The Sheffield Wargame Corpus-Day Two and Day Three},
  author={Liu, Yulan and Fox, Charles and Hasan, Madina and Hain, Thomas},
  booktitle={Proceedings of the Annual Conference of the International Speech Communication Association, INTERSPEECH},
  pages={3833--3837},
  year={2016},
  organization={ISCA}
}

@article{ruilan2016improving,
  title={Improving English Pronunciation Teaching and Learning via Speech Corpora of Learners with Dialectal Backgrounds.},
  author={Ruilan, CAO},
  journal={International Journal of Emerging Technologies in Learning},
  volume={11},
  number={4},
  year={2016}
}

@article{nagino2008building,
  title={Building an effective speech corpus by utilizing statistical multidimensional scaling method},
  author={Nagino, Goshu and Shozakai, Makoto and Toda, Tomoki and Saruwatari, Hiroshi and Shikano, Kiyohiro},
  journal={IEICE TRANSACTIONS on Information and Systems},
  volume={91},
  number={3},
  pages={607--614},
  year={2008},
  publisher={The Institute of Electronics, Information and Communication Engineers}
}

@article{zhang2008improved,
  title={An improved greedy search algorithm for the development of a phonetically rich speech corpus},
  author={Zhang, Jin-Song and Nakamura, Satoshi},
  journal={IEICE TRANSACTIONS on Information and Systems},
  volume={91},
  number={3},
  pages={615--630},
  year={2008},
  publisher={The Institute of Electronics, Information and Communication Engineers}
}

@article{furui2005recent,
  title={Recent progress in corpus-based spontaneous speech recognition},
  author={Furui, Sadaoki},
  journal={IEICE transactions on information and systems},
  volume={88},
  number={3},
  pages={366--375},
  year={2005},
  publisher={The Institute of Electronics, Information and Communication Engineers}
}

@article{clopper2006nationwide,
  title={The nationwide speech project: A new corpus of American English dialects},
  author={Clopper, Cynthia G and Pisoni, David B},
  journal={Speech communication},
  volume={48},
  number={6},
  pages={633--644},
  year={2006},
  publisher={Elsevier}
}

@article{klessa2013paralingua,
  title={Paralingua--a new speech corpus for the studies of paralinguistic features},
  author={Klessa, Katarzyna and Wagner, Agnieszka and Ole{\'s}kowicz-Popiel, Magdalena and Karpi{\'n}ski, Maciej},
  journal={Procedia-Social and Behavioral Sciences},
  volume={95},
  pages={48--58},
  year={2013},
  publisher={Elsevier}
}


@article{RODOMAGOULAKIS2017419,
    title = "Room-localized spoken command recognition in multi-room, multi-microphone environments",
    journal = "Computer Speech & Language",
    volume = "46",
    pages = "419 - 443",
    year = "2017",
    issn = "0885-2308",
    author = "Isidoros Rodomagoulakis and Athanasios Katsamanis and Gerasimos Potamianos and Panagiotis Giannoulis and Antigoni Tsiami and Petros Maragos",
    keywords = "Smart homes, Distant speech recognition, Speech activity detection, Keyword spotting, Multichannel processing, Decision fusion, Beamforming, Channel selection"
}

@article{Gannot:2017:CPM:3105654.3105658,
 author = {Gannot, Sharon and Vincent, Emmanuel and Markovich-Golan, Shmulik and Ozerov, Alexey and Gannot, Sharon and Vincent, Emmanuel and Markovich-Golan, Shmulik and Ozerov, Alexey},
 title = {A Consolidated Perspective on Multimicrophone Speech Enhancement and Source Separation},
 journal = {IEEE/ACM Trans. Audio, Speech and Lang. Proc.},
 issue_date = {April 2017},
 volume = {25},
 number = {4},
 month = apr,
 year = {2017},
 issn = {2329-9290},
 pages = {692--730},
 numpages = {39},
 acmid = {3105658},
 publisher = {IEEE Press},
 address = {Piscataway, NJ, USA},
} 


@ARTICLE{8423508, 
author={L. {Wang} and T. {Ohtsuki}}, 
journal={IEEE Access}, 
title={Nonlinear Blind Source Separation Unifying Vanishing Component Analysis and Temporal Structure}, 
year={2018}, 
volume={6}, 
number={}, 
pages={42837-42850}, 
keywords={blind source separation;convex programming;unsupervised learning;local linear problem;generalized joint diagonalization problem;nonlinear mixtures;temporal structure;unsolved problems;unsupervised learning;prior information;mixing functions;ill-posedness;nonlinear BSS problem;final output layer;convex optimization problem;multilayer architecture;time-invariant nonlinear BSS;nonlinear blind source separation;vanishing component analysis;Blind source separation;Approximation algorithms;Kernel;Computer architecture;Signal processing algorithms;Transforms;Electronic mail;Nonlinear BSS;vanishing component analysis;temporal structure;statistical independent}, 
doi={10.1109/ACCESS.2018.2860683}, 
ISSN={2169-3536}, 
month={},}


@article{kitchenham2009systematic,
  title={Systematic literature reviews in software engineering--a systematic literature review},
  author={Kitchenham, Barbara and Brereton, O Pearl and Budgen, David and Turner, Mark and Bailey, John and Linkman, Stephen},
  journal={Information and software technology},
  volume={51},
  number={1},
  pages={7--15},
  year={2009},
  publisher={Elsevier}
}


@inbook{asr2012levis,
author = {Levis, John and Suvorov, Ruslan},
year = {2012},
month = {11},
pages = {},
title = {Automatic Speech Recognition},
doi = {10.1002/9781405198431.wbeal0066}
}

@article{lai2008conversational,
  title={Conversational speech interfaces and technologies},
  author={Lai, Jennifer and Karat, Clare-Marie and Yankelovich, Nicole},
  journal={The Human-Computer Interaction Handbook,},
  pages={381--391},
  year={2008}
}

@book{gibbon1997handbook,
  title={Handbook of standards and resources for spoken language systems},
  author={Gibbon, Dafydd and Moore, Roger and Winski, Richard},
  year={1997},
  publisher={Walter de Gruyter}
}